@article{maliar2021deep,
  title={Deep Learning for Solving Dynamic Economic Models},
  author={Maliar, L. and Maliar, S. and Wang, Y.},
  journal={Journal of Economic Dynamics and Control},
  volume={125},
  pages={104-123},
  year={2021},
  publisher={Elsevier}
}

@article{ho2016generative,
  title={Generative Adversarial Imitation Learning},
  author={Ho, J. and Ermon, S.},
  journal={Proceedings of the 33rd International Conference on Machine Learning},
  volume={48},
  pages={2760-2769},
  year={2016},
  publisher={PMLR}
}

@article{mi2023taxai,
  title={Taxation and Artificial Intelligence: A Study of Economic Impacts},
  author={Mi, Y. and Chen, J.},
  journal={Economic Modelling},
  volume={123},
  pages={105-120},
  year={2023},
  publisher={Elsevier}
}

@article{nocedal2006numerical,
  title={Numerical Optimization},
  author={Nocedal, J. and Wright, S.},
  year={2006},
  publisher={Springer}
}

@article{fiacco1968nonlinear,
  title={Nonlinear Programming: Sequential Unconstrained Minimization Techniques},
  author={Fiacco, A.V. and McCormick, G.P.},
  year={1968},
  publisher={Wiley}
}