@inproceedings{origin,
  author    = {unknown},
  title     = {THU Beamer Theme},
  booktitle = {SWUFE},
  year      = {2015},
  url       = {http://far.tooold.cn/post/latex/beamertsinghua},
}

@article{zheng2022ai,
  title={The AI Economist: Taxation policy design via two-level deep multiagent reinforcement learning},
  author={Zheng, Stephan and Trott, Alexander and Srinivasa, Sunil and Parkes, David C and Socher, Richard},
  journal={Science advances},
  volume={8},
  number={18},
  pages={eabk2607},
  year={2022},
  publisher={American Association for the Advancement of Science}
}

@article{curry2022analyzing,
  title={Analyzing micro-founded general equilibrium models with many agents using deep reinforcement learning},
  author={Curry, Michael and Trott, Alexander and Phade, Soham and Bai, Yu and Zheng, Stephan},
  journal={arXiv preprint arXiv:2201.01163},
  year={2022}
}



